@article{Incardona:wa5014,
author = "Incardona, Marie-Fran{\c{c}}oise and Bourenkov, Gleb P. and Levik, Karl and Pieritz, Romeu A. and Popov, Alexander N. and Svensson, Olof",
title = "{{\it EDNA}: a framework for plugin-based applications applied to X-ray experiment online data analysis}",
journal = "Journal of Synchrotron Radiation",
year = "2009",
volume = "16",
number = "6",
pages = "872--879",
month = "Nov",
doi = {10.1107/S0909049509036681},
url = {http://dx.doi.org/10.1107/S0909049509036681},
}
@article{Winn:ba5030,
author = "Winn, M. D. and Ashton, A. W. and Briggs, P. J. and Ballard, C. C. and Patel, P.",
title = "{Ongoing developments in {\it CCP}4 for high-throughput structure determination}",
journal = "Acta Crystallographica Section D",
year = "2002",
volume = "58",
number = "11",
pages = "1929--1936",
month = "Nov",
doi = {10.1107/S0907444902016116},
url = {http://dx.doi.org/10.1107/S0907444902016116},
}
@article{Kabsch:wi0022,
author = "Kabsch, W.",
title = "{Automatic indexing of rotation diffraction patterns}",
journal = "Journal of Applied Crystallography",
year = "1988",
volume = "21",
number = "1",
pages = "67--72",
month = "Feb",
doi = {10.1107/S0021889887009737},
url = {http://dx.doi.org/10.1107/S0021889887009737},
}
@article{Howard:xgen,
author = "Howard, A. J.",
title = "{Data processing in macromolecular crystallography}",
journal = "Crystallographic Computing 7: Proceedings from the Macromolecular Crystallographic Computing School",
year="2000"
}
@article{1vrm,
author = "Gye Won Han and S. Sri Krishna and Robert Schwarzenbacher and Daniel McMullan and Krzysztof Ginalski and Marc-André Elsliger and Scott M. Brittain and Polat Abdubek and Sanjay Agarwalla and Eileen Ambing and Tamara Astakhova and Herbert Axelrod and Jaume M. Canaves and Hsiu-Ju Chiu and Michael DiDonato and Slawomir K. Grzechnik and Joanna Hale and Eric Hampton and Justin Haugen and Lukasz Jaroszewski and Kevin K. Jin and Heath E. Klock and Mark W. Knuth and Eric Koesema and Andreas Kreusch and Peter Kuhn and Mitchell D. Miller and Andrew T. Morse and Kin Moy and Edward Nigoghossian and Sylvia Oommachen and Jie Ouyang and Jessica Paulsen and Kevin Quijano and Ron Reyes and Chris Rife and Glen Spraggon and Raymond C. Stevens and Henry van den Bedem and Jeff Velasquez and Xianhong Wang and Bill West and Aprilfawn White and Guenter Wolf and Qingping Xu and Keith O. Hodgson and John Wooley and Ashley M. Deacon and Adam Godzik and Scott A. Lesley and Ian A. Wilson",
title = "Crystal structure of the ApbE protein (TM1553) from Thermotoga maritima at 1.58 A resolution.",
journal = "Proteins",
volume = "64",
year = "2006",
pages = "1083-90"
} 
@article{Gonzalez:do5034,
author = "Gonz{\'{a}}lez, A. and Moorhead, P. and McPhillips, S. E. and Song, J. and Sharp, K. and Taylor, J. R. and Adams, P. D. and Sauter, N. K. and Soltis, S. M.",
title = "{{\it Web-Ice}: integrated data collection and analysis for macromolecular crystallography}",
journal = "Journal of Applied Crystallography",
year = "2008",
volume = "41",
number = "1",
pages = "176--184",
month = "Feb",
doi = {10.1107/S0021889807057822},
url = {http://dx.doi.org/10.1107/S0021889807057822},
}
@article{Sheldrick:sc5010,
author = "Sheldrick, George M.",
title = "{A short history of {\it SHELX}}",
journal = "Acta Crystallographica Section A",
year = "2008",
volume = "64",
number = "1",
pages = "112--122",
month = "Jan",
doi = {10.1107/S0108767307043930},
url = {http://dx.doi.org/10.1107/S0108767307043930},
}

@article{Beteva:gx5077,
author = "Beteva, A. and Cipriani, F. and Cusack, S. and Delageniere, S. and Gabadinho, J. and Gordon, E. J. and Guijarro, M. and Hall, D. R. and Larsen, S. and Launer, L. and Lavault, C. B. and Leonard, G. A. and Mairs, T. and McCarthy, A. and McCarthy, J. and Meyer, J. and Mitchell, E. and Monaco, S. and Nurizzo, D. and Pernot, P. and Pieritz, R. and Ravelli, R. G. B. and Rey, V. and Shepard, W. and Spruce, D. and Stuart, D. I. and Svensson, O. and Theveneau, P. and Thibault, X. and Turkenburg, J. and Walsh, M. and McSweeney, S. M.",
title = "{High-throughput sample handling and data collection at synchrotrons: embedding the ESRF into the high-throughput gene-to-structure pipeline}",
journal = "Acta Crystallographica Section D",
year = "2006",
volume = "62",
number = "10",
pages = "1162--1169",
month = "Oct",
doi = {10.1107/S0907444906032859},
url = {http://dx.doi.org/10.1107/S0907444906032859},
}
@article{Adams:ba5027,
author = "Adams, Paul D. and Grosse-Kunstleve, Ralf W. and Hung, Li-Wei and Ioerger, Thomas R. and McCoy, Airlie J. and Moriarty, Nigel W. and Read, Randy J. and Sacchettini, James C. and Sauter, Nicholas K. and Terwilliger, Thomas C.",
title = "{{\it PHENIX}: building new software for automated crystallographic structure determination}",
journal = "Acta Crystallographica Section D",
year = "2002",
volume = "58",
number = "11",
pages = "1948--1954",
month = "Nov",
doi = {10.1107/S0907444902016657},
url = {http://dx.doi.org/10.1107/S0907444902016657},
}

@book{DBLP:books/ph/Meyer88,
  author    = {Bertrand Meyer},
  title     = {Object-Oriented Software Construction, 1st editon},
  publisher = {Prentice-Hall},
  year      = {1988},
  isbn      = {0-13-629031-0},
  bibsource = {DBLP, http://dblp.uni-trier.de}
}


@book{gangoffour,
author = {Gamma, Erich and Helm, Richard and Johnson, Ralph and Vlissides, John},
title = {Design Patterns},
publisher = {Addison Wesley},
year = "1995",
}


@article{Kabsch:wi0031,
author = "Kabsch, W.",
title = "{Evaluation of single-crystal X-ray diffraction data from a position-sensitive detector}",
journal = "Journal of Applied Crystallography",
year = "1988",
volume = "21",
number = "6",
pages = "916--924",
month = "Dec",
doi = {10.1107/S0021889888007903},
url = {http://dx.doi.org/10.1107/S0021889888007903},
}
@article{Kabsch:wi0124,
author = "Kabsch, W.",
title = "{Automatic processing of rotation diffraction data from crystals of initially unknown symmetry and cell constants}",
journal = "Journal of Applied Crystallography",
year = "1993",
volume = "26",
number = "6",
pages = "795--800",
month = "Dec",
doi = {10.1107/S0021889893005588},
url = {http://dx.doi.org/10.1107/S0021889893005588},
}
@article{bailey1994csp,
  title={{The CCP4 suite: programs for protein crystallography}},
  author={Bailey, S.},
  journal={Acta Crystallogr. D},
  volume={50},
  pages={760--763},
  year={1994}
}
@article{zhang2006adi,
  title={{Automated diffraction image analysis and spot searching for high-throughput crystal screening}},
  author={Zhang, Z. and Sauter, N.K. and van den Bedem, H. and Snell, G. and Deacon, A.M.},
  journal={J. Appl. Cryst},
  volume={39},
  pages={112--119},
  year={2006}
}
@article{Sauter:dd5008,
author = "Sauter, Nicholas K. and Grosse-Kunstleve, Ralf W. and Adams, Paul D.",
title = "{Robust indexing for automatic data collection}",
journal = "Journal of Applied Crystallography",
year = "2004",
volume = "37",
number = "3",
pages = "399--409",
month = "Jun",
doi = {10.1107/S0021889804005874},
url = {http://dx.doi.org/10.1107/S0021889804005874},
}
@article{Pflugrath:ba0030,
author = "Pflugrath, J. W.",
title = "{The finer things in X-ray diffraction data collection}",
journal = "Acta Crystallographica Section D",
year = "1999",
volume = "55",
number = "10",
pages = "1718--1725",
month = "Oct",
doi = {10.1107/S090744499900935X},
url = {http://dx.doi.org/10.1107/S090744499900935X},
}
@article{Evans:ba5084,
author = "Evans, Philip",
title = "{Scaling and assessment of data quality}",
journal = "Acta Crystallographica Section D",
year = "2006",
volume = "62",
number = "1",
pages = "72--82",
month = "Jan",
doi = {10.1107/S0907444905036693},
url = {http://dx.doi.org/10.1107/S0907444905036693},
}
@article{Leslie:ba5082,
author = "Leslie, Andrew G. W.",
title = "{The integration of macromolecular diffraction data}",
journal = "Acta Crystallographica Section D",
year = "2006",
volume = "62",
number = "1",
pages = "48--57",
month = "Jan",
doi = {10.1107/S0907444905039107},
url = {http://dx.doi.org/10.1107/S0907444905039107},
}
@article{otwinowski1997pxr,
  title={{Processing of X-ray diffraction data in oscillation mode}},
  author={Otwinowski, Z. and Minor, W.},
  journal={Methods Enzymol},
  volume={276},
  pages={307--326},
  year={1997}
}
@article{Minor:dz5080,
author = "Minor, Wladek and Cymborowski, Marcin and Otwinowski, Zbyszek and Chruszcz, Maksymilian",
title = "{{\it HKL}-3000: the integration of data reduction and structure solution {--} from diffraction images to an initial model in minutes}",
journal = "Acta Crystallographica Section D",
year = "2006",
volume = "62",
number = "8",
pages = "859--866",
month = "Aug",
doi = {10.1107/S0907444906019949},
url = {http://dx.doi.org/10.1107/S0907444906019949},
}
@article{leslie1992rcm,
  title={{Recent changes to the MOSFLM package for processing film and image plate data}},
  author={Leslie, AGW},
  journal={Joint CCP4 and ESFEACMB Newsletter on Protein Crystallography},
  volume={26},
  year={1992}
}
@article{evans1997smd,
  title={{Scaling of MAD data}},
  author={Evans, P.R.},
  journal={Proceedings of CCP4 Study Weekend},
  year={1997}
}
@article{Walsh:li0307,
author = "Walsh, Martin A. and Dementieva, Irene and Evans, Gwyndaf and Sanishvili, Ruslan and Joachimiak, Andrzej",
title = "{Taking MAD to the extreme: ultrafast protein structure determination}",
journal = "Acta Crystallographica Section D",
year = "1999",
volume = "55",
number = "6",
pages = "1168--1173",
month = "Jun",
doi = {10.1107/S0907444999003698},
url = {http://dx.doi.org/10.1107/S0907444999003698},
}

@article{Dauter:ba0020,
author = "Dauter, Zbigniew",
title = "{Data-collection strategies}",
journal = "Acta Crystallographica Section D",
year = "1999",
volume = "55",
number = "10",
pages = "1703--1717",
month = "Oct",
doi = {10.1107/S0907444999008367},
url = {http://dx.doi.org/10.1107/S0907444999008367},
}
@article{Dauter:ba5080,
author = "Dauter, Zbigniew",
title = "{Current state and prospects of macromolecular crystallography}",
journal = "Acta Crystallographica Section D",
year = "2006",
volume = "62",
number = "1",
pages = "1--11",
month = "Jan",
doi = {10.1107/S0907444905034050},
url = {http://dx.doi.org/10.1107/S0907444905034050},
}
@article{Leslie:ba5026,
author = "Leslie, A. G. W. and Powell, H. R. and Winter, G. and Svensson, O. and Spruce, D. and McSweeney, S. and Love, D. and Kinder, S. and Duke, E. and Nave, C.",
title = "{Automation of the collection and processing of X-\-ray diffraction data {--} a generic approach}",
journal = "Acta Crystallographica Section D",
year = "2002",
volume = "58",
number = "11",
pages = "1924--1928",
month = "Nov",
doi = {10.1107/S0907444902016864},
url = {http://dx.doi.org/10.1107/S0907444902016864},
}
@article{French:a15572,
author = "French, S. and Wilson, K.",
title = "{On the treatment of negative intensity observations}",
journal = "Acta Crystallographica Section A",
year = "1978",
volume = "34",
number = "4",
pages = "517--525",
month = "Jul",
doi = {10.1107/S0567739478001114},
url = {http://dx.doi.org/10.1107/S0567739478001114},
}
@article{Rossmann:ba0021,
author = "Rossmann, Michael G. and van Beek, Cornelis G.",
title = "{Data processing}",
journal = "Acta Crystallographica Section D",
year = "1999",
volume = "55",
number = "10",
pages = "1631--1640",
month = "Oct",
doi = {10.1107/S0907444999008379},
url = {http://dx.doi.org/10.1107/S0907444999008379},
}
@article{JamesHolton02102004,
author = {Holton, James and Alber, Tom},
title = {{From The Cover: Automated protein crystal structure determination using ELVES}},
journal = {PNAS},
volume = {101},
number = {6},
pages = {1537-1542},
doi = {10.1073/pnas.0306241101},
year = {2004},
abstract = {Efficient determination of protein crystal structures requires automated x-ray data analysis. Here, we describe the expert system ELVES and its use to determine automatically the structure of a 12-kDa protein. Multiwavelength anomalous diffraction analysis of a selenomethionyl derivative was used to image the Asn-16-Ala variant of the GCN4 leucine zipper. In contrast to the parallel, dimeric coiled coil formed by the WT sequence, the mutant unexpectedly formed an antiparallel trimer. This structural switch reveals how avoidance of core cavities at a single site can select the native fold of a protein. All structure calculations, including indexing, data processing, locating heavy atoms, phasing by multiwavelength anomalous diffraction, model building, and refinement, were completed without human intervention. The results demonstrate the feasibility of automated methods for determining high-resolution, x-ray crystal structures of proteins.
},
URL = {http://www.pnas.org/cgi/content/abstract/101/6/1537},
eprint = {http://www.pnas.org/cgi/reprint/101/6/1537.pdf}
}

@article{Banumathi:sx5014,
author = "Banumathi, Sankaran and Zwart, Petrus H. and Ramagopal, Udupi A. and Dauter, Miroslawa and Dauter, Zbigniew",
title = "{Structural effects of radiation damage and its potential for phasing}",
journal = "Acta Crystallographica Section D",
year = "2004",
volume = "60",
number = "6",
pages = "1085--1093",
month = "Jun",
doi = {10.1107/S0907444904007917},
url = {http://dx.doi.org/10.1107/S0907444904007917},
}
@article{winter:xiacore,
author = "Winter, Graeme and Keegan, Ronan",
title = "Portable Running of Programs for Automation",
journal = "CCP4 Newsletter",
volume = "44",
year = "2006",
url = "http://www.ccp4.ac.uk/newsletters/newsletter44/content.html"
}

@article{Bahar:gx5093,
author = "Bahar, M. and Ballard, C. and Cohen, S. X. and Cowtan, K. D. and Dodson, E. J. and Emsley, P. and Esnouf, R. M. and Keegan, R. and Lamzin, V. and Langer, G. and Levdikov, V. and Long, F. and Meier, C. and Muller, A. and Murshudov, G. N. and Perrakis, A. and Siebold, C. and Stein, N. and Turkenburg, M. G. W. and Vagin, A. A. and Winn, M. and Winter, G. and Wilson, K. S.",
title = "{SPINE workshop on automated X-ray analysis: a progress report}",
journal = "Acta Crystallographica Section D",
year = "2006",
volume = "62",
number = "10",
pages = "1170--1183",
month = "Oct",
doi = {10.1107/S0907444906032197},
url = {http://dx.doi.org/10.1107/S0907444906032197},
}
@article{Kroemer:wd5015,
author = {Kroemer,Markus and Dreyer,Matthias K. and Wendt,K. Ulrich},
title = {APRV- a program for automated data processing, refinement and visualization},
journal = {Acta Crystallographica Section D},
volume = {60},
number = {9},
pages = {1679-1682},
year = {2004},
doi = {10.1107/S0907444904015215},
URL = {http://www.blackwell-synergy.com/doi/abs/10.1107/S0907444904015215},
eprint = {http://www.blackwell-synergy.com/doi/pdf/10.1107/S0907444904015215}
}




@article{Meier:gx5109,
author = "Meier, Christoph and Carter, Lester G. and Winter, Graeme and Owens, Ray J. and Stuart, David I. and Esnouf, Robert M.",
title = "{Structure of 5-formyltetrahydrofolate cyclo-ligase from {\it Bacillus anthracis} (BA4489)}",
journal = "Acta Crystallographica Section F",
year = "2007",
volume = "63",
number = "3",
pages = "168--172",
month = "Mar",
doi = {10.1107/S1744309107007221},
url = {http://dx.doi.org/10.1107/S1744309107007221},
}

@article{Assenberg:nj5008,
author = "Assenberg, Ren{\'{e}} and Delmas, Olivier and Graham, Stephen C. and Verma, Anil and Berrow, Nick and Stuart, David I. and Owens, Raymond J. and Bourhy, Herv{\'{e}} and Grimes, Jonathan M.",
title = "{Expression, purification and crystallization of a lyssavirus matrix (M) protein}",
journal = "Acta Crystallographica Section F",
year = "2008",
volume = "64",
number = "4",
pages = "258--262",
month = "Apr",
doi = {10.1107/S1744309108004557},
url = {http://dx.doi.org/10.1107/S1744309108004557},
}
@article{Reeke:a24150,
author = "Reeke, Jnr, G. N.",
title = "{Eigenvalue filtering in the refinement of crystal and orientation parameters for oscillation photography}",
journal = "Journal of Applied Crystallography",
year = "1984",
volume = "17",
number = "4",
pages = "238--243",
month = "Aug",
doi = {10.1107/S0021889884011444},
url = {http://dx.doi.org/10.1107/S0021889884011444},
}
@article{Kabsch:a12999,
author = "Kabsch, W.",
title = "{A solution for the best rotation to relate two sets of vectors}",
journal = "Acta Crystallographica Section A",
year = "1976",
volume = "32",
number = "5",
pages = "922--923",
month = "Sep",
doi = {10.1107/S0567739476001873},
url = {http://dx.doi.org/10.1107/S0567739476001873},
}
