% This file was created with JabRef 2.5.
% Encoding: UTF-8

@article{Winter:ea5113,
author = "Winter, G.",
title = "{{\it xia2}: an expert system for macromolecular crystallography data reduction}",
journal = "Journal of Applied Crystallography",
year = "2010",
volume = "43",
number = "1",
pages = "186--190",
month = "Feb",
doi = {10.1107/S0021889809045701},
url = {http://dx.doi.org/10.1107/S0021889809045701},
}

@article{Incardona:wa5014,
author = "Incardona, Marie-Fran{\c{c}}oise and Bourenkov, Gleb P. and Levik, Karl and Pieritz, Romeu A. and Popov, Alexander N. and Svensson, Olof",
title = "{{\it EDNA}: a framework for plugin-based applications applied to X-ray experiment online data analysis}",
journal = "Journal of Synchrotron Radiation",
year = "2009",
volume = "16",
number = "6",
pages = "872--879",
month = "Nov",
doi = {10.1107/S0909049509036681},
url = {http://dx.doi.org/10.1107/S0909049509036681},
}

@ARTICLE{Abrahams:li0210,
  author = {Abrahams, J. P. and Leslie, A. G. W.},
  title = {{Methods used in the structure determination of bovine mitochondrial
	F${\sb 1}$ ATPase}},
  journal = {Acta Crystallographica Section D},
  year = {1996},
  volume = {52},
  pages = {30--42},
  number = {1},
  month = {Jan},
  doi = {10.1107/S0907444995008754},
  url = {http://dx.doi.org/10.1107/S0907444995008754}
}

@ARTICLE{Adams:ba5027,
  author = {Adams, Paul D. and Grosse-Kunstleve, Ralf W. and Hung, Li-Wei and
	Ioerger, Thomas R. and McCoy, Airlie J. and Moriarty, Nigel W. and
	Read, Randy J. and Sacchettini, James C. and Sauter, Nicholas K.
	and Terwilliger, Thomas C.},
  title = {{{\it PHENIX}: building new software for automated crystallographic
	structure determination}},
  journal = {Acta Crystallographica Section D},
  year = {2002},
  volume = {58},
  pages = {1948--1954},
  number = {11},
  month = {Nov},
  doi = {10.1107/S0907444902016657},
  url = {http://dx.doi.org/10.1107/S0907444902016657}
}

@ARTICLE{Assenberg:nj5008,
  author = {Assenberg, Ren{\'{e}} and Delmas, Olivier and Graham, Stephen C.
	and Verma, Anil and Berrow, Nick and Stuart, David I. and Owens,
	Raymond J. and Bourhy, Herv{\'{e}} and Grimes, Jonathan M.},
  title = {{Expression, purification and crystallization of a lyssavirus matrix
	(M) protein}},
  journal = {Acta Crystallographica Section F},
  year = {2008},
  volume = {64},
  pages = {258--262},
  number = {4},
  month = {Apr},
  doi = {10.1107/S1744309108004557},
  url = {http://dx.doi.org/10.1107/S1744309108004557}
}

@ARTICLE{Bahar:gx5093,
  author = {Bahar, M. and Ballard, C. and Cohen, S. X. and Cowtan, K. D. and
	Dodson, E. J. and Emsley, P. and Esnouf, R. M. and Keegan, R. and
	Lamzin, V. and Langer, G. and Levdikov, V. and Long, F. and Meier,
	C. and Muller, A. and Murshudov, G. N. and Perrakis, A. and Siebold,
	C. and Stein, N. and Turkenburg, M. G. W. and Vagin, A. A. and Winn,
	M. and Winter, G. and Wilson, K. S.},
  title = {{SPINE workshop on automated X-ray analysis: a progress report}},
  journal = {Acta Crystallographica Section D},
  year = {2006},
  volume = {62},
  pages = {1170--1183},
  number = {10},
  month = {Oct},
  doi = {10.1107/S0907444906032197},
  url = {http://dx.doi.org/10.1107/S0907444906032197}
}
@article{bailey1994csp,
author = "Collaborative Computational Project, Number 4",
title = "{The {\it CCP}4 suite: programs for protein crystallography}",
journal = "Acta Crystallographica Section D",
year = "1994",
volume = "50",
number = "5",
pages = "760--763",
month = "Sep",
doi = {10.1107/S0907444994003112},
url = {http://dx.doi.org/10.1107/S0907444994003112},
}

@ARTICLE{Banumathi:sx5014,
  author = {Banumathi, Sankaran and Zwart, Petrus H. and Ramagopal, Udupi A.
	and Dauter, Miroslawa and Dauter, Zbigniew},
  title = {{Structural effects of radiation damage and its potential for phasing}},
  journal = {Acta Crystallographica Section D},
  year = {2004},
  volume = {60},
  pages = {1085--1093},
  number = {6},
  month = {Jun},
  doi = {10.1107/S0907444904007917},
  url = {http://dx.doi.org/10.1107/S0907444904007917}
}

@ARTICLE{Banumathi:sx5014_2,
  author = {Banumathi, Sankaran and Zwart, Petrus H. and Ramagopal, Udupi A.
	and Dauter, Miroslawa and Dauter, Zbigniew},
  title = {{Structural effects of radiation damage and its potential for phasing}},
  journal = {Acta Crystallographica Section D},
  year = {2004},
  volume = {60},
  pages = {1085--1093},
  number = {6},
  month = {Jun},
  doi = {10.1107/S0907444904007917},
  url = {http://dx.doi.org/10.1107/S0907444904007917}
}

@ARTICLE{Beteva:gx5077,
  author = {Beteva, A. and Cipriani, F. and Cusack, S. and Delageniere, S. and
	Gabadinho, J. and Gordon, E. J. and Guijarro, M. and Hall, D. R.
	and Larsen, S. and Launer, L. and Lavault, C. B. and Leonard, G.
	A. and Mairs, T. and McCarthy, A. and McCarthy, J. and Meyer, J.
	and Mitchell, E. and Monaco, S. and Nurizzo, D. and Pernot, P. and
	Pieritz, R. and Ravelli, R. G. B. and Rey, V. and Shepard, W. and
	Spruce, D. and Stuart, D. I. and Svensson, O. and Theveneau, P. and
	Thibault, X. and Turkenburg, J. and Walsh, M. and McSweeney, S. M.},
  title = {{High-throughput sample handling and data collection at synchrotrons:
	embedding the ESRF into the high-throughput gene-to-structure pipeline}},
  journal = {Acta Crystallographica Section D},
  year = {2006},
  volume = {62},
  pages = {1162--1169},
  number = {10},
  month = {Oct},
  doi = {10.1107/S0907444906032859},
  url = {http://dx.doi.org/10.1107/S0907444906032859}
}

@BOOK{bandj,
  title = {Protein Crystallography},
  publisher = {Academic Press},
  year = {1976},
  author = {T. L. Blundell and L. N. Johnson},
  address = {New York}
}

@ARTICLE{Bolotovsky:mf0020,
  author = {Bolotovsky, Robert and Steller, Ingo and Rossmann, Michael G.},
  title = {{The Use of Partial Reflections for Scaling and Averaging X-ray Area-Detector
	Data}},
  journal = {Journal of Applied Crystallography},
  year = {1998},
  volume = {31},
  pages = {708--717},
  number = {5},
  month = {Oct},
  doi = {10.1107/S0021889898004361},
  url = {http://dx.doi.org/10.1107/S0021889898004361}
}

@ARTICLE{Bourenkov:ba5083,
  author = {Bourenkov, Gleb P. and Popov, Alexander N.},
  title = {{A quantitative approach to data-collection strategies}},
  journal = {Acta Crystallographica Section D},
  year = {2006},
  volume = {62},
  pages = {58--64},
  number = {1},
  month = {Jan},
  doi = {10.1107/S0907444905033998},
  url = {http://dx.doi.org/10.1107/S0907444905033998}
}

@CONFERENCE{bricogne1986indexing,
  author = {Bricogne, G.},
  title = {{Indexing and the Fourier transform}},
  booktitle = {Proceedings of the EEC cooperative workshop on position-sensitive
	detector software (phase III)},
  year = {1986},
  pages = {28}
}

@ARTICLE{Brockhauser:do5035,
  author = {Brockhauser, Sandor and Di Michiel, Marco and McGeehan, John E. and
	McCarthy, Andrew A. and Ravelli, Raimond B. G.},
  title = {{X-ray tomographic reconstruction of macro{\-}molecular samples}},
  journal = {Journal of Applied Crystallography},
  year = {2008},
  volume = {41},
  pages = {1057--1066},
  number = {6},
  month = {Dec},
  doi = {10.1107/S002188980802935X},
  url = {http://dx.doi.org/10.1107/S002188980802935X}
}

@ARTICLE{brungerFreeR,
  author = {Brunger, A. T.},
  title = {{Free $R$ value: a novel statistical quantity for assessing the accuracy
	of crystal structures}},
  journal = {Nature},
  year = {1992},
  volume = {355},
  pages = {472--475},
  month = {Jan},
  doi = {10.1038/355472a0},
  url = {http://www.nature.com/nature/journal/v355/n6359/abs/355472a0.html}
}

@ARTICLE{Dall'Antonia:ba5039,
  author = {Dall'Antonia, Fabio and Baker, Patrick J. and Schneider, Thomas R.},
  title = {{Optimization of selenium substructures as obtained from {\it SHELXD}}},
  journal = {Acta Crystallographica Section D},
  year = {2003},
  volume = {59},
  pages = {1987--1994},
  number = {11},
  month = {Nov},
  doi = {10.1107/S0907444903017670},
  url = {http://dx.doi.org/10.1107/S0907444903017670}
}

@ARTICLE{Dauter:ba5080,
  author = {Dauter, Zbigniew},
  title = {{Current state and prospects of macromolecular crystallography}},
  journal = {Acta Crystallographica Section D},
  year = {2006},
  volume = {62},
  pages = {1--11},
  number = {1},
  month = {Jan},
  doi = {10.1107/S0907444905034050},
  url = {http://dx.doi.org/10.1107/S0907444905034050}
}

@ARTICLE{Dauter:ba5041,
  author = {Dauter, Zbigniew},
  title = {{Twinned crystals and anomalous phasing}},
  journal = {Acta Crystallographica Section D},
  year = {2003},
  volume = {59},
  pages = {2004--2016},
  number = {11},
  month = {Nov},
  doi = {10.1107/S0907444903021085},
  url = {http://dx.doi.org/10.1107/S0907444903021085}
}

@ARTICLE{Dauter:ba5024,
  author = {Dauter, Zbigniew},
  title = {{One-and-a-half wavelength approach}},
  journal = {Acta Crystallographica Section D},
  year = {2002},
  volume = {58},
  pages = {1958--1967},
  number = {11},
  month = {Nov},
  doi = {10.1107/S0907444902016645},
  url = {http://dx.doi.org/10.1107/S0907444902016645}
}

@ARTICLE{Dauter:ba0020,
  author = {Dauter, Zbigniew},
  title = {{Data-collection strategies}},
  journal = {Acta Crystallographica Section D},
  year = {1999},
  volume = {55},
  pages = {1703--1717},
  number = {10},
  month = {Oct},
  doi = {10.1107/S0907444999008367},
  url = {http://dx.doi.org/10.1107/S0907444999008367}
}

@ARTICLE{deane2008structures,
  author = {Deane, J.E. and Roversi, P. and King, C. and Johnson, S. and Lea,
	S.M.},
  title = {{Structures of the Shigella flexneri type 3 secretion system protein
	MxiC reveal conformational variability amongst homologues}},
  journal = {Journal of Molecular Biology},
  year = {2008},
  volume = {377},
  pages = {985--992},
  number = {4},
  publisher = {Elsevier}
}

@ARTICLE{Dickerson:a03308,
  author = {Dickerson, R. E. and Kendrew, J. C. and Strandberg, B. E.},
  title = {{The crystal structure of myoglobin: Phase determination to a resolution
	of 2 {\AA} by the method of isomorphous replacement}},
  journal = {Acta Crystallographica},
  year = {1961},
  volume = {14},
  pages = {1188--1195},
  number = {11},
  month = {Nov},
  doi = {10.1107/S0365110X61003442},
  url = {http://dx.doi.org/10.1107/S0365110X61003442}
}

@ARTICLE{Diederichs:ba5081,
  author = {Diederichs, Kay},
  title = {{Some aspects of quantitative analysis and correction of radiation
	damage}},
  journal = {Acta Crystallographica Section D},
  year = {2006},
  volume = {62},
  pages = {96--101},
  number = {1},
  month = {Jan},
  doi = {10.1107/S0907444905031537},
  url = {http://dx.doi.org/10.1107/S0907444905031537}
}

@ARTICLE{diederichsRfactors,
  author = {Diederichs, Kay and Karplus, P. Andrew},
  title = {{Improved $R$-factors for diffraction data analysis in macromolecular
	crystallography}},
  journal = {Nature Structural \& Molecular Biology},
  year = {1997},
  volume = {4},
  pages = {269--275},
  doi = {10.1038/nsb0497-269},
  url = {http://www.nature.com/nsmb/journal/v4/n4/abs/nsb0497-269.html}
}

@ARTICLE{Diederichs:wd0009,
  author = {Diederichs, Kay and McSweeney, Sean and Ravelli, Raimond B. G.},
  title = {{Zero-dose extrapolation as part of macromolecular synchrotron data
	reduction}},
  journal = {Acta Crystallographica Section D},
  year = {2003},
  volume = {59},
  pages = {903--909},
  number = {5},
  month = {May},
  doi = {10.1107/S0907444903006516},
  url = {http://dx.doi.org/10.1107/S0907444903006516}
}

@ARTICLE{Dodson:ba5053,
  author = {Dodson, Eleanor},
  title = {{Is it jolly SAD?}},
  journal = {Acta Crystallographica Section D},
  year = {2003},
  volume = {59},
  pages = {1958--1965},
  number = {11},
  month = {Nov},
  doi = {10.1107/S0907444903020936},
  url = {http://dx.doi.org/10.1107/S0907444903020936}
}

@ARTICLE{Emsley:ba5070,
  author = {Emsley, Paul and Cowtan, Kevin},
  title = {{{\it Coot}: model-building tools for molecular graphics}},
  journal = {Acta Crystallographica Section D},
  year = {2004},
  volume = {60},
  pages = {2126--2132},
  number = {12 Part 1},
  month = {Dec},
  doi = {10.1107/S0907444904019158},
  url = {http://dx.doi.org/10.1107/S0907444904019158}
}

@ARTICLE{Evans:ba5084,
  author = {Evans, Philip},
  title = {{Scaling and assessment of data quality}},
  journal = {Acta Crystallographica Section D},
  year = {2006},
  volume = {62},
  pages = {72--82},
  number = {1},
  month = {Jan},
  doi = {10.1107/S0907444905036693},
  url = {http://dx.doi.org/10.1107/S0907444905036693}
}

@ARTICLE{evans1997smd,
  author = {Evans, P.R.},
  title = {{Scaling of MAD data}},
  journal = {Proceedings of CCP4 Study Weekend},
  year = {1997}
}

@ARTICLE{evans1993,
  author = {Evans, P.R.},
  title = {Data Reduction},
  journal = {Proceedings of CCP4 Study Weekend},
  year = {1993}
}

@ARTICLE{French:a15572,
  author = {French, S. and Wilson, K.},
  title = {{On the treatment of negative intensity observations}},
  journal = {Acta Crystallographica Section A},
  year = {1978},
  volume = {34},
  pages = {517--525},
  number = {4},
  month = {Jul},
  doi = {10.1107/S0567739478001114},
  url = {http://dx.doi.org/10.1107/S0567739478001114}
}

@ARTICLE{Fu:dz5057,
  author = {Fu, Zheng-Qing},
  title = {{Three-dimensional model-free experimental error correction of protein
	crystal diffraction data with free-{\it R} test}},
  journal = {Acta Crystallographica Section D},
  year = {2005},
  volume = {61},
  pages = {1643--1648},
  number = {12},
  month = {Dec},
  doi = {10.1107/S0907444905033494},
  url = {http://dx.doi.org/10.1107/S0907444905033494}
}

@BOOK{gangoffour,
  title = {Design Patterns},
  publisher = {Addison Wesley},
  year = {1995},
  author = {Gamma, Erich and Helm, Richard and Johnson, Ralph and Vlissides,
	John}
}

@ARTICLE{Garman:ba0025,
  author = {Garman, Elspeth},
  title = {{Cool data: quantity AND quality}},
  journal = {Acta Crystallographica Section D},
  year = {1999},
  volume = {55},
  pages = {1641--1653},
  number = {10},
  month = {Oct},
  doi = {10.1107/S0907444999008653},
  url = {http://dx.doi.org/10.1107/S0907444999008653}
}

@ARTICLE{Garman:ba5042,
  author = {Garman, Elspeth and Murray, James W.},
  title = {{Heavy-atom derivatization}},
  journal = {Acta Crystallographica Section D},
  year = {2003},
  volume = {59},
  pages = {1903--1913},
  number = {11},
  month = {Nov},
  doi = {10.1107/S0907444903012794},
  url = {http://dx.doi.org/10.1107/S0907444903012794}
}

@ARTICLE{Garman:ba5085,
  author = {Garman, Elspeth F. and Owen, Robin Leslie},
  title = {{Cryocooling and radiation damage in macromolecular crystallography}},
  journal = {Acta Crystallographica Section D},
  year = {2006},
  volume = {62},
  pages = {32--47},
  number = {1},
  month = {Jan},
  doi = {10.1107/S0907444905034207},
  url = {http://dx.doi.org/10.1107/S0907444905034207}
}

@ARTICLE{Gonzalez:he0309,
  author = {Gonz{\'{a}}lez, Ana},
  title = {{Faster data-collection strategies for structure determination using
	anomalous dispersion}},
  journal = {Acta Crystallographica Section D},
  year = {2003},
  volume = {59},
  pages = {315--322},
  number = {2},
  month = {Feb},
  doi = {10.1107/S0907444902022138},
  url = {http://dx.doi.org/10.1107/S0907444902022138}
}

@ARTICLE{Gonzalez:do5034,
  author = {Gonz{\'{a}}lez, A. and Moorhead, P. and McPhillips, S. E. and Song,
	J. and Sharp, K. and Taylor, J. R. and Adams, P. D. and Sauter, N.
	K. and Soltis, S. M.},
  title = {{{\it Web-Ice}: integrated data collection and analysis for macromolecular
	crystallography}},
  journal = {Journal of Applied Crystallography},
  year = {2008},
  volume = {41},
  pages = {176--184},
  number = {1},
  month = {Feb},
  doi = {10.1107/S0021889807057822},
  url = {http://dx.doi.org/10.1107/S0021889807057822}
}

@ARTICLE{graham2008rhabdovirus,
  author = {Graham, S.C. and Assenberg, R. and Delmas, O. and Verma, A. and Gholami,
	A. and Talbi, C. and Owens, R.J. and Stuart, D.I. and Grimes, J.M.
	and Bourhy, H.},
  title = {{Rhabdovirus Matrix Protein Structures Reveal a Novel Mode of Self-Association}},
  journal = {PLoS Pathogens},
  year = {2008},
  volume = {4},
  number = {12},
  publisher = {Public Library of Science}
}

@ARTICLE{Grosse-Kunstleve:ba5048,
  author = {Grosse-Kunstleve, R. W. and Adams, P. D.},
  title = {{Substructure search procedures for macromolecular structures}},
  journal = {Acta Crystallographica Section D},
  year = {2003},
  volume = {59},
  pages = {1966--1973},
  number = {11},
  month = {Nov},
  doi = {10.1107/S0907444903018043},
  url = {http://dx.doi.org/10.1107/S0907444903018043}
}

@ARTICLE{Grosse-Kunstleve:sh5006,
  author = {Grosse-Kunstleve, R. W. and Sauter, N. K. and Adams, P. D.},
  title = {{Numerically stable algorithms for the computation of reduced unit
	cells}},
  journal = {Acta Crystallographica Section A},
  year = {2004},
  volume = {60},
  pages = {1--6},
  number = {1},
  month = {Jan},
  doi = {10.1107/S010876730302186X},
  url = {http://dx.doi.org/10.1107/S010876730302186X}
}

@ARTICLE{Grosse-Kunstleve:ks0118,
  author = {Grosse-Kunstleve, Ralf W. and Sauter, Nicholas K. and Moriarty, Nigel
	W. and Adams, Paul D.},
  title = {{The {\it Computational Crystallography Toolbox}: crystallographic
	algorithms in a reusable software framework}},
  journal = {Journal of Applied Crystallography},
  year = {2002},
  volume = {35},
  pages = {126--136},
  number = {1},
  month = {Feb},
  doi = {10.1107/S0021889801017824},
  url = {http://dx.doi.org/10.1107/S0021889801017824}
}

@ARTICLE{hamlin,
  author = {Hamlin, R},
  title = {Multiwire Area X-Ray Diffractometers},
  journal = {Methods in Enzymology},
  year = {1985},
  volume = {114},
  pages = {416 -- 452}
}

@ARTICLE{1vrm,
  author = {Gye Won Han and S. Sri Krishna and Robert Schwarzenbacher and Daniel
	McMullan and Krzysztof Ginalski and Marc-Andr� Elsliger and Scott
	M. Brittain and Polat Abdubek and Sanjay Agarwalla and Eileen Ambing
	and Tamara Astakhova and Herbert Axelrod and Jaume M. Canaves and
	Hsiu-Ju Chiu and Michael DiDonato and Slawomir K. Grzechnik and Joanna
	Hale and Eric Hampton and Justin Haugen and Lukasz Jaroszewski and
	Kevin K. Jin and Heath E. Klock and Mark W. Knuth and Eric Koesema
	and Andreas Kreusch and Peter Kuhn and Mitchell D. Miller and Andrew
	T. Morse and Kin Moy and Edward Nigoghossian and Sylvia Oommachen
	and Jie Ouyang and Jessica Paulsen and Kevin Quijano and Ron Reyes
	and Chris Rife and Glen Spraggon and Raymond C. Stevens and Henry
	van den Bedem and Jeff Velasquez and Xianhong Wang and Bill West
	and Aprilfawn White and Guenter Wolf and Qingping Xu and Keith O.
	Hodgson and John Wooley and Ashley M. Deacon and Adam Godzik and
	Scott A. Lesley and Ian A. Wilson},
  title = {Crystal structure of the ApbE protein (TM1553) from Thermotoga maritima
	at 1.58 A resolution.},
  journal = {Proteins},
  year = {2006},
  volume = {64},
  pages = {1083-90}
}

@ARTICLE{JamesHolton02102004,
  author = {Holton, James and Alber, Tom},
  title = {{From The Cover: Automated protein crystal structure determination
	using ELVES}},
  journal = {PNAS},
  year = {2004},
  volume = {101},
  pages = {1537-1542},
  number = {6},
  abstract = {Efficient determination of protein crystal structures requires automated
	x-ray data analysis. Here, we describe the expert system ELVES and
	its use to determine automatically the structure of a 12-kDa protein.
	Multiwavelength anomalous diffraction analysis of a selenomethionyl
	derivative was used to image the Asn-16-Ala variant of the GCN4 leucine
	zipper. In contrast to the parallel, dimeric coiled coil formed by
	the WT sequence, the mutant unexpectedly formed an antiparallel trimer.
	This structural switch reveals how avoidance of core cavities at
	a single site can select the native fold of a protein. All structure
	calculations, including indexing, data processing, locating heavy
	atoms, phasing by multiwavelength anomalous diffraction, model building,
	and refinement, were completed without human intervention. The results
	demonstrate the feasibility of automated methods for determining
	high-resolution, x-ray crystal structures of proteins.},
  doi = {10.1073/pnas.0306241101},
  eprint = {http://www.pnas.org/cgi/reprint/101/6/1537.pdf},
  url = {http://www.pnas.org/cgi/content/abstract/101/6/1537}
}

@ARTICLE{Howard:xgen,
  author = {Howard, A. J.},
  title = {{Data processing in macromolecular crystallography}},
  journal = {Crystallographic Computing 7: Proceedings from the Macromolecular
	Crystallographic Computing School},
  year = {2000}
}

@ARTICLE{Howell:mo0078,
  author = {Howell, P. L. and Smith, G. D.},
  title = {{Identification of heavy-atom derivatives by normal probability methods}},
  journal = {Journal of Applied Crystallography},
  year = {1992},
  volume = {25},
  pages = {81--86},
  number = {1},
  month = {Feb},
  doi = {10.1107/S0021889891010385},
  url = {http://dx.doi.org/10.1107/S0021889891010385}
}

@BOOK{jackson,
  title = {Introduction to Expert Systems, 3rd Edition},
  publisher = {Addison-Wesley},
  year = {1999},
  author = {Peter Jackson},
  bibsource = {DBLP, http://dblp.uni-trier.de}
}

@ARTICLE{Kabsch:dz5178,
  author = {Kabsch, Wolfgang},
  title = {{Integration, scaling, space-group assignment and post-refinement}},
  journal = {Acta Crystallographica Section D},
  year = {2010},
  volume = {66},
  pages = {133--144},
  number = {2},
  month = {Feb},
  doi = {10.1107/S0907444909047374},
  url = {http://dx.doi.org/10.1107/S0907444909047374}
}

@ARTICLE{Kabsch:dz5179,
  author = {Kabsch, Wolfgang},
  title = {{{\it XDS}}},
  journal = {Acta Crystallographica Section D},
  year = {2010},
  volume = {66},
  pages = {125--132},
  number = {2},
  month = {Feb},
  doi = {10.1107/S0907444909047337},
  url = {http://dx.doi.org/10.1107/S0907444909047337}
}

@ARTICLE{Kabsch:wi0124,
  author = {Kabsch, W.},
  title = {{Automatic processing of rotation diffraction data from crystals
	of initially unknown symmetry and cell constants}},
  journal = {Journal of Applied Crystallography},
  year = {1993},
  volume = {26},
  pages = {795--800},
  number = {6},
  month = {Dec},
  doi = {10.1107/S0021889893005588},
  url = {http://dx.doi.org/10.1107/S0021889893005588}
}

@ARTICLE{Kabsch:wi0022,
  author = {Kabsch, W.},
  title = {{Automatic indexing of rotation diffraction patterns}},
  journal = {Journal of Applied Crystallography},
  year = {1988},
  volume = {21},
  pages = {67--72},
  number = {1},
  month = {Feb},
  doi = {10.1107/S0021889887009737},
  url = {http://dx.doi.org/10.1107/S0021889887009737}
}

@ARTICLE{Kabsch:wi0031,
  author = {Kabsch, W.},
  title = {{Evaluation of single-crystal X-ray diffraction data from a position-sensitive
	detector}},
  journal = {Journal of Applied Crystallography},
  year = {1988},
  volume = {21},
  pages = {916--924},
  number = {6},
  month = {Dec},
  doi = {10.1107/S0021889888007903},
  url = {http://dx.doi.org/10.1107/S0021889888007903}
}

@ARTICLE{Kabsch:a12999,
  author = {Kabsch, W.},
  title = {{A solution for the best rotation to relate two sets of vectors}},
  journal = {Acta Crystallographica Section A},
  year = {1976},
  volume = {32},
  pages = {922--923},
  number = {5},
  month = {Sep},
  doi = {10.1107/S0567739476001873},
  url = {http://dx.doi.org/10.1107/S0567739476001873}
}

@ARTICLE{Kraft:kv5059,
  author = {Kraft, P. and Bergamaschi, A. and Broennimann, Ch. and Dinapoli,
	R. and Eikenberry, E. F. and Henrich, B. and Johnson, I. and Mozzanica,
	A. and Schlep{\"{u}}tz, C. M. and Willmott, P. R. and Schmitt, B.},
  title = {{Performance of single-photon-counting PILATUS detector modules}},
  journal = {Journal of Synchrotron Radiation},
  year = {2009},
  volume = {16},
  pages = {368--375},
  number = {3},
  month = {May},
  doi = {10.1107/S0909049509009911},
  url = {http://dx.doi.org/10.1107/S0909049509009911}
}

@ARTICLE{Kroemer:wd5015,
  author = {Kroemer,Markus and Dreyer,Matthias K. and Wendt,K. Ulrich},
  title = {APRV- a program for automated data processing, refinement and visualization},
  journal = {Acta Crystallographica Section D},
  year = {2004},
  volume = {60},
  pages = {1679-1682},
  number = {9},
  doi = {10.1107/S0907444904015215},
  eprint = {http://www.blackwell-synergy.com/doi/pdf/10.1107/S0907444904015215},
  url = {http://www.blackwell-synergy.com/doi/abs/10.1107/S0907444904015215}
}

@ARTICLE{LePage:a21775,
  author = {Le Page, Y.},
  title = {{The derivation of the axes of the conventional unit cell from the
	dimensions of the Buerger-reduced cell}},
  journal = {Journal of Applied Crystallography},
  year = {1982},
  volume = {15},
  pages = {255--259},
  number = {3},
  month = {Jun},
  doi = {10.1107/S0021889882011959},
  url = {http://dx.doi.org/10.1107/S0021889882011959}
}

@ARTICLE{Leonard:wd5025,
  author = {Leonard, Gordon A. and Sainz, Germaine and de Backer, Maaike M. E.
	and McSweeney, Se{\'{a}}n},
  title = {{Automatic structure determination based on the single-wavelength
	anomalous diffraction technique away from an absorption edge}},
  journal = {Acta Crystallographica Section D},
  year = {2005},
  volume = {61},
  pages = {388--396},
  number = {4},
  month = {Apr},
  doi = {10.1107/S0907444905000429},
  url = {http://dx.doi.org/10.1107/S0907444905000429}
}

@ARTICLE{leslie1992rcm,
  author = {Leslie, AGW},
  title = {{Recent changes to the MOSFLM package for processing film and image
	plate data}},
  journal = {Joint CCP4 and ESFEACMB Newsletter on Protein Crystallography},
  year = {1992},
  volume = {26}
}

@ARTICLE{Leslie:ba5082,
  author = {Leslie, Andrew G. W.},
  title = {{The integration of macromolecular diffraction data}},
  journal = {Acta Crystallographica Section D},
  year = {2006},
  volume = {62},
  pages = {48--57},
  number = {1},
  month = {Jan},
  doi = {10.1107/S0907444905039107},
  url = {http://dx.doi.org/10.1107/S0907444905039107}
}

@ARTICLE{Leslie:ba5026,
  author = {Leslie, A. G. W. and Powell, H. R. and Winter, G. and Svensson, O.
	and Spruce, D. and McSweeney, S. and Love, D. and Kinder, S. and
	Duke, E. and Nave, C.},
  title = {{Automation of the collection and processing of X-\-ray diffraction
	data {--} a generic approach}},
  journal = {Acta Crystallographica Section D},
  year = {2002},
  volume = {58},
  pages = {1924--1928},
  number = {11},
  month = {Nov},
  doi = {10.1107/S0907444902016864},
  url = {http://dx.doi.org/10.1107/S0907444902016864}
}

@ARTICLE{matthews,
  author = {Matthews, B. W.},
  title = {Determination of Protein Molecular Weight, Hydration, and Packing
	from Crystal Density},
  journal = {Methods in Enzymology},
  year = {1985},
  volume = {114},
  pages = {176--187}
}

@ARTICLE{McCoy:he5368,
  author = {McCoy, Airlie J. and Grosse-Kunstleve, Ralf W. and Adams, Paul D.
	and Winn, Martyn D. and Storoni, Laurent C. and Read, Randy J.},
  title = {{{\it Phaser} crystallographic software}},
  journal = {Journal of Applied Crystallography},
  year = {2007},
  volume = {40},
  pages = {658--674},
  number = {4},
  month = {Aug},
  doi = {10.1107/S0021889807021206},
  url = {http://dx.doi.org/10.1107/S0021889807021206}
}

@ARTICLE{Meier:gx5109,
  author = {Meier, Christoph and Carter, Lester G. and Winter, Graeme and Owens,
	Ray J. and Stuart, David I. and Esnouf, Robert M.},
  title = {{Structure of 5-formyltetrahydrofolate cyclo-ligase from {\it Bacillus
	anthracis} (BA4489)}},
  journal = {Acta Crystallographica Section F},
  year = {2007},
  volume = {63},
  pages = {168--172},
  number = {3},
  month = {Mar},
  doi = {10.1107/S1744309107007221},
  url = {http://dx.doi.org/10.1107/S1744309107007221}
}

@ARTICLE{Messerschmidt:a27767,
  author = {Messerschmidt, A. and Pflugrath, J. W.},
  title = {{Crystal orientation and X-ray pattern prediction routines for area-detector
	diffractometer systems in macromolecular crystallography}},
  journal = {Journal of Applied Crystallography},
  year = {1987},
  volume = {20},
  pages = {306--315},
  number = {4},
  month = {Aug},
  doi = {10.1107/S002188988708662X},
  url = {http://dx.doi.org/10.1107/S002188988708662X}
}

@BOOK{DBLP:books/ph/Meyer88,
  title = {Object-Oriented Software Construction, 1st editon},
  publisher = {Prentice-Hall},
  year = {1988},
  author = {Bertrand Meyer},
  bibsource = {DBLP, http://dblp.uni-trier.de},
  isbn = {0-13-629031-0}
}

@ARTICLE{Minor:dz5080,
  author = {Minor, Wladek and Cymborowski, Marcin and Otwinowski, Zbyszek and
	Chruszcz, Maksymilian},
  title = {{{\it HKL}-3000: the integration of data reduction and structure
	solution {--} from diffraction images to an initial model in minutes}},
  journal = {Acta Crystallographica Section D},
  year = {2006},
  volume = {62},
  pages = {859--866},
  number = {8},
  month = {Aug},
  doi = {10.1107/S0907444906019949},
  url = {http://dx.doi.org/10.1107/S0907444906019949}
}

@ARTICLE{mooreslaw,
  author = {Moore, G. E.},
  title = {Cramming more components onto integrated circuits},
  journal = {Electronics},
  year = {1965},
  volume = {38},
  number = {8},
  month = {April}
}

@ARTICLE{Murray:dd5004,
  author = {Murray, James W. and Garman, Elspeth F. and Ravelli, Raimond B. G.},
  title = {{X-ray absorption by macromolecular crystals: the effects of wavelength
	and crystal composition on absorbed dose}},
  journal = {Journal of Applied Crystallography},
  year = {2004},
  volume = {37},
  pages = {513--522},
  number = {4},
  month = {Aug},
  doi = {10.1107/S0021889804010660},
  url = {http://dx.doi.org/10.1107/S0021889804010660}
}

@ARTICLE{Murray:xn0004,
  author = {Murray, James W. and Rudi{\~{n}}o-Pi{\~{n}}era, Enrique and Owen,
	Robin Leslie and Grininger, Martin and Ravelli, Raimond B. G. and
	Garman, Elspeth F.},
  title = {{Parameters affecting the X-ray dose absorbed by macromolecular crystals}},
  journal = {Journal of Synchrotron Radiation},
  year = {2005},
  volume = {12},
  pages = {268--275},
  number = {3},
  month = {May},
  doi = {10.1107/S0909049505003262},
  url = {http://dx.doi.org/10.1107/S0909049505003262}
}

@ARTICLE{Muller:dd5011,
  author = {M{\"{u}}ller, Ralf and Roth, Georg},
  title = {{Matrix-free integration of image-plate diffraction data}},
  journal = {Journal of Applied Crystallography},
  year = {2005},
  volume = {38},
  pages = {280--290},
  number = {2},
  month = {Apr},
  doi = {10.1107/S0021889804034089},
  url = {http://dx.doi.org/10.1107/S0021889804034089}
}

@ARTICLE{Nave:xn0001,
  author = {Nave, Colin and Garman, Elspeth F.},
  title = {{Towards an understanding of radiation damage in cryocooled macromolecular
	crystals}},
  journal = {Journal of Synchrotron Radiation},
  year = {2005},
  volume = {12},
  pages = {257--260},
  number = {3},
  month = {May},
  doi = {10.1107/S0909049505007132},
  url = {http://dx.doi.org/10.1107/S0909049505007132}
}

@ARTICLE{Otwinowski:we0011,
  author = {Otwinowski, Zbyszek and Borek, Dominika and Majewski, Wladyslaw and
	Minor, Wladek},
  title = {{Multiparametric scaling of diffraction intensities}},
  journal = {Acta Crystallographica Section A},
  year = {2003},
  volume = {59},
  pages = {228--234},
  number = {3},
  month = {May},
  doi = {10.1107/S0108767303005488},
  url = {http://dx.doi.org/10.1107/S0108767303005488}
}

@ARTICLE{otwinowski2006denzo,
  author = {Otwinowski, Z. and Minor, W.},
  title = {International Tables for Crystallography},
  year = {2006},
  volume = {F},
  pages = {226--235},
  publisher = {International Union of Crystallography}
}

@ARTICLE{otwinowski1997pxr,
  author = {Otwinowski, Z. and Minor, W.},
  title = {{Processing of X-ray diffraction data in oscillation mode}},
  journal = {Methods in Enzymology},
  year = {1997},
  volume = {276},
  pages = {307--326}
}

@ARTICLE{arpwarp,
  author = {A Perrakis and R Morris and VS Lamzin},
  title = {Automated protein model building combined with iterative structure
	refinement.},
  journal = {Nat Struct Biol},
  year = {1999},
  volume = {6},
  pages = {458-63},
  number = {5},
  month = {May},
  doi = {10.1038/8263},
  url = {http://dx.doi.org/10.1038/8263}
}

@ARTICLE{perutz,
  author = {Perutz, M},
  title = {Early Days of Protein Crystallography},
  journal = {Methods in Enzymology},
  year = {1985},
  volume = {114},
  pages = {3 -- 18}
}

@ARTICLE{Pflugrath:ba0030,
  author = {Pflugrath, J. W.},
  title = {{The finer things in X-ray diffraction data collection}},
  journal = {Acta Crystallographica Section D},
  year = {1999},
  volume = {55},
  pages = {1718--1725},
  number = {10},
  month = {Oct},
  doi = {10.1107/S090744499900935X},
  url = {http://dx.doi.org/10.1107/S090744499900935X}
}

@ARTICLE{pflugrath276,
  author = {Pflugrath, J. W.},
  title = {Diffraction-Data Procesing for Electronic Detectors: Theory and Practice},
  journal = {Methods in Enzymology},
  year = {1997},
  volume = {276},
  pages = {286 -- 306}
}

@ARTICLE{Popov:dz0006,
  author = {Popov, Alexander N. and Bourenkov, Gleb P.},
  title = {{Choice of data-collection parameters based on statistic modelling}},
  journal = {Acta Crystallographica Section D},
  year = {2003},
  volume = {59},
  pages = {1145--1153},
  number = {7},
  month = {Jul},
  doi = {10.1107/S0907444903008163},
  url = {http://dx.doi.org/10.1107/S0907444903008163}
}

@ARTICLE{pottertonCCP4i,
  author = {Potterton, Liz},
  title = {{The CCP4 Graphical User Interface}},
  journal = {CCP4 Newsletter},
  year = {1997},
  volume = {34},
  url = {http://www.ccp4.ac.uk/newsletters/newsletter34/content.html}
}

@ARTICLE{Powell:ba0024,
  author = {Powell, Harold R.},
  title = {{The Rossmann Fourier autoindexing algorithm in {\it MOSFLM}}},
  journal = {Acta Crystallographica Section D},
  year = {1999},
  volume = {55},
  pages = {1690--1695},
  number = {10},
  month = {Oct},
  doi = {10.1107/S0907444999009506},
  url = {http://dx.doi.org/10.1107/S0907444999009506}
}

@ARTICLE{Ravelli:ab0371,
  author = {Ravelli, R. B. G. and Sweet, R. M. and Skinner, J. M. and Duisenberg,
	A. J. M. and Kroon, J.},
  title = {{{\it STRATEGY}: a program to optimize the starting spindle angle
	and scan range for X-ray data collection}},
  journal = {Journal of Applied Crystallography},
  year = {1997},
  volume = {30},
  pages = {551--554},
  number = {5 Part 1},
  month = {Oct},
  doi = {10.1107/S0021889897003543},
  url = {http://dx.doi.org/10.1107/S0021889897003543}
}

@ARTICLE{Ravelli:hi2030,
  author = {Ravelli, Raimond B. G. and Theveneau, Pascal and McSweeney, Sean
	and Caffrey, Martin},
  title = {{Unit-cell volume change as a metric of~radiation damage in crystals
	of macromolecules}},
  journal = {Journal of Synchrotron Radiation},
  year = {2002},
  volume = {9},
  pages = {355--360},
  number = {6},
  month = {Nov},
  doi = {10.1107/S0909049502014541},
  url = {http://dx.doi.org/10.1107/S0909049502014541}
}

@ARTICLE{Read:ba0032,
  author = {Read, Randy J.},
  title = {{Detecting outliers in non-redundant diffraction data}},
  journal = {Acta Crystallographica Section D},
  year = {1999},
  volume = {55},
  pages = {1759--1764},
  number = {10},
  month = {Oct},
  doi = {10.1107/S0907444999008471},
  url = {http://dx.doi.org/10.1107/S0907444999008471}
}

@ARTICLE{Reeke:a24150,
  author = {Reeke, Jnr, G. N.},
  title = {{Eigenvalue filtering in the refinement of crystal and orientation
	parameters for oscillation photography}},
  journal = {Journal of Applied Crystallography},
  year = {1984},
  volume = {17},
  pages = {238--243},
  number = {4},
  month = {Aug},
  doi = {10.1107/S0021889884011444},
  url = {http://dx.doi.org/10.1107/S0021889884011444}
}

@ARTICLE{remacle:diffractionimage,
  author = {Remacle, Francois and Winter, Graeme},
  title = {Diffraction Image: a new CCP4 Library},
  journal = {CCP4 Newsletter},
  year = {2007},
  volume = {45},
  url = {http://www.ccp4.ac.uk/newsletters/newsletter45/content.html}
}

@ARTICLE{dpspaper,
  author = {Celia V. Romeo and Edward P. Mitchell and Sean McSweeney},
  title = {The crystal structure of Deinococcus radiodurans Dps protein (DR2263)
	reveals the presence of a novel metal centre in the N terminus},
  journal = {Journal of Biological Inorganic Chemistry},
  year = {2006},
  volume = {11},
  pages = {891--902},
  number = {7},
  doi = {10.1007/s00775-006-0142-5},
  url = {http://www.springerlink.com/content/ru4w6728644082n5}
}

@ARTICLE{Rossmann:a18132,
  author = {Rossmann, M. G.},
  title = {{Processing oscillation diffraction data for very large unit cells
	with an automatic convolution technique and profile fitting}},
  journal = {Journal of Applied Crystallography},
  year = {1979},
  volume = {12},
  pages = {225--238},
  number = {2},
  month = {Apr},
  doi = {10.1107/S0021889879012218},
  url = {http://dx.doi.org/10.1107/S0021889879012218}
}

@ARTICLE{Rossmann:ba0021,
  author = {Rossmann, Michael G. and van Beek, Cornelis G.},
  title = {{Data processing}},
  journal = {Acta Crystallographica Section D},
  year = {1999},
  volume = {55},
  pages = {1631--1640},
  number = {10},
  month = {Oct},
  doi = {10.1107/S0907444999008379},
  url = {http://dx.doi.org/10.1107/S0907444999008379}
}

@ARTICLE{Rossmann:a22990,
  author = {Rossmann, M. G. and Erickson, J. W.},
  title = {{Oscillation photography of radiation-sensitive crystals using a
	synchrotron source}},
  journal = {Journal of Applied Crystallography},
  year = {1983},
  volume = {16},
  pages = {629--636},
  number = {6},
  month = {Dec},
  doi = {10.1107/S002188988301119X},
  url = {http://dx.doi.org/10.1107/S002188988301119X}
}

@ARTICLE{Rossmann:a18238,
  author = {Rossmann, M. G. and Leslie, A. G. W. and Abdel-Meguid, S. S. and
	Tsukihara, T.},
  title = {{Processing and post-refinement of oscillation camera data}},
  journal = {Journal of Applied Crystallography},
  year = {1979},
  volume = {12},
  pages = {570--581},
  number = {6},
  month = {Dec},
  doi = {10.1107/S0021889879013273},
  url = {http://dx.doi.org/10.1107/S0021889879013273}
}

@ARTICLE{Jean-FredericSanchez07212006,
  author = {Sanchez, Jean-Frederic and Lescar, Julien and Chazalet, Valérie and
	Audfray, Aymeric and Gagnon, Jean and Alvarez, Richard and Breton,
	Christelle and Imberty, Anne and Mitchell, Edward P.},
  title = {{Biochemical and Structural Analysis of Helix pomatia Agglutinin}},
  journal = {Journal of Biological Chemistry},
  year = {2006},
  volume = {281},
  pages = {20171-20180},
  number = {29},
  abstract = { agglutinin (HPA) is a -acetylgalactosamine (GalNAc) binding lectin
	found in the albumen gland of the roman snail. As a constituent of
	perivitelline fluid, HPA protects fertilized eggs from bacteria and
	is part of the innate immunity system of the snail. The peptide sequence
	deduced from gene cloning demonstrates that HPA belongs to a family
	of carbohydrate-binding proteins recently identified in several invertebrates.
	This domain is also present in discoidin from the slime mold Investigation
	of the lectin specificity was performed with the use of glycan arrays,
	demonstrating that several GalNAc-containing oligosaccharides are
	bound and rationalizing the use of this lectin as a cancer marker.
	Titration microcalorimetry performed on the interaction between HPA
	and GalNAc indicates an affinity in the 10 range with an enthalpy-driven
	binding mechanism. The crystal structure of HPA demonstrates the
	occurrence of a new β-sandwich lectin fold. The hexameric quaternary
	state was never observed previously for a lectin. The high resolution
	structure complex of HPA with GalNAc characterizes a new carbohydrate
	binding site and rationalizes the observed preference for αGalNAc-containing
	oligosaccharides.},
  doi = {10.1074/jbc.M603452200},
  eprint = {http://www.jbc.org/content/281/29/20171.full.pdf+html},
  url = {http://www.jbc.org/content/281/29/20171.abstract}
}

@ARTICLE{Sauter:ea5045,
  author = {Sauter, Nicholas K. and Grosse-Kunstleve, Ralf W. and Adams, Paul
	D.},
  title = {{Improved statistics for determining the Patterson symmetry from
	unmerged diffraction intensities}},
  journal = {Journal of Applied Crystallography},
  year = {2006},
  volume = {39},
  pages = {158--168},
  number = {2},
  month = {Apr},
  doi = {10.1107/S0021889805042299},
  url = {http://dx.doi.org/10.1107/S0021889805042299}
}

@ARTICLE{Sauter:dd5008,
  author = {Sauter, Nicholas K. and Grosse-Kunstleve, Ralf W. and Adams, Paul
	D.},
  title = {{Robust indexing for automatic data collection}},
  journal = {Journal of Applied Crystallography},
  year = {2004},
  volume = {37},
  pages = {399--409},
  number = {3},
  month = {Jun},
  doi = {10.1107/S0021889804005874},
  url = {http://dx.doi.org/10.1107/S0021889804005874}
}

@ARTICLE{schneider2009neisseria,
  author = {Schneider, M.C. and Prosser, B.E. and Caesar, J.J.E. and Kugelberg,
	E. and Li, S. and Zhang, Q. and Quoraishi, S. and Lovett, J.E. and
	Deane, J.E. and Sim, R.B. and others},
  title = {{Neisseria meningitidis recruits factor H using protein mimicry of
	host carbohydrates}},
  journal = {Nature},
  year = {2009},
  volume = {458},
  pages = {890--893},
  number = {7240},
  publisher = {Nature Publishing Group}
}

@ARTICLE{Schneider:gr2280,
  author = {Schneider, Thomas R. and Sheldrick, George M.},
  title = {{Substructure solution with {\it SHELXD}}},
  journal = {Acta Crystallographica Section D},
  year = {2002},
  volume = {58},
  pages = {1772--1779},
  number = {10 Part 2},
  month = {Oct},
  doi = {10.1107/S0907444902011678},
  url = {http://dx.doi.org/10.1107/S0907444902011678}
}

@ARTICLE{Sheldrick:sc5010,
  author = {Sheldrick, George M.},
  title = {{A short history of {\it SHELX}}},
  journal = {Acta Crystallographica Section A},
  year = {2008},
  volume = {64},
  pages = {112--122},
  number = {1},
  month = {Jan},
  doi = {10.1107/S0108767307043930},
  url = {http://dx.doi.org/10.1107/S0108767307043930}
}

@ARTICLE{steinE4,
  author = {Stein, Norman},
  title = {Why the moments of E take the values they do},
  journal = {CCP4 Newsletter},
  year = {2008},
  volume = {47},
  url = {http://www.ccp4.ac.uk/newsletters/newsletter47/content.html}
}

@ARTICLE{Steller:mf0013,
  author = {Steller, I. and Bolotovsky, R. and Rossmann, M. G.},
  title = {{An Algorithm for Automatic Indexing of Oscillation Images using
	Fourier Analysis}},
  journal = {Journal of Applied Crystallography},
  year = {1997},
  volume = {30},
  pages = {1036--1040},
  number = {6},
  month = {Dec},
  doi = {10.1107/S0021889897008777},
  url = {http://dx.doi.org/10.1107/S0021889897008777}
}

@ARTICLE{Taylor:ba5050,
  author = {Taylor, Garry},
  title = {{The phase problem}},
  journal = {Acta Crystallographica Section D},
  year = {2003},
  volume = {59},
  pages = {1881--1890},
  number = {11},
  month = {Nov},
  doi = {10.1107/S0907444903017815},
  url = {http://dx.doi.org/10.1107/S0907444903017815}
}

@ARTICLE{Terwilliger:ba5022,
  author = {Terwilliger, Thomas C.},
  title = {{Automated structure solution, density modification and model building}},
  journal = {Acta Crystallographica Section D},
  year = {2002},
  volume = {58},
  pages = {1937--1940},
  number = {11},
  month = {Nov},
  doi = {10.1107/S0907444902016438},
  url = {http://dx.doi.org/10.1107/S0907444902016438}
}

@ARTICLE{Terwilliger:ba5109,
  author = {Terwilliger, Thomas C. and Grosse-Kunstleve, Ralf W. and Afonine,
	Pavel V. and Moriarty, Nigel W. and Zwart, Peter H. and Hung, Li-Wei
	and Read, Randy J. and Adams, Paul D.},
  title = {{Iterative model building, structure refinement and density modification
	with the {\it PHENIX AutoBuild} wizard}},
  journal = {Acta Crystallographica Section D},
  year = {2008},
  volume = {64},
  pages = {61--69},
  number = {1},
  month = {Jan},
  doi = {10.1107/S090744490705024X},
  url = {http://dx.doi.org/10.1107/S090744490705024X}
}

@ARTICLE{autosharp,
  author = {Vonrhein, Clemens and Blanc, Eric and Roversi, Pietro and Bricogne,
	G�rard },
  title = {Automated Structure Solution With autoSHARP},
  year = {2007},
  volume = {364},
  month = {February},
  keywords = {SHARP},
  series = {Methods in Molecular Biology},
  url = {http://www.springerprotocols.com/Abstract/doi/10.1385/1-59745-266-1:215}
}

@ARTICLE{Walsh:li0307,
  author = {Walsh, Martin A. and Dementieva, Irene and Evans, Gwyndaf and Sanishvili,
	Ruslan and Joachimiak, Andrzej},
  title = {{Taking MAD to the extreme: ultrafast protein structure determination}},
  journal = {Acta Crystallographica Section D},
  year = {1999},
  volume = {55},
  pages = {1168--1173},
  number = {6},
  month = {Jun},
  doi = {10.1107/S0907444999003698},
  url = {http://dx.doi.org/10.1107/S0907444999003698}
}

@ARTICLE{Weiss:he0191,
  author = {Weiss, M. S. and Hilgenfeld, R.},
  title = {{On the use of the merging {\it R} factor as a quality indicator
	for X-ray data}},
  journal = {Journal of Applied Crystallography},
  year = {1997},
  volume = {30},
  pages = {203--205},
  number = {2},
  month = {Apr},
  doi = {10.1107/S0021889897003907},
  url = {http://dx.doi.org/10.1107/S0021889897003907}
}

@ARTICLE{westbrook,
  author = {Westbrook, E.M. and Naday, I},
  title = {Charge-Coupled Device-Based Area Detectors},
  journal = {Methods in Enzymology},
  year = {1997},
  volume = {276},
  pages = {244--268}
}

@ARTICLE{wilson1942,
  author = {Wilson, A. J. C.},
  title = {Determination of Absolute from Relative X-Ray Intensity Data},
  journal = {Nature},
  year = {1942},
  volume = {150},
  pages = {152},
  doi = {10.1038/150152a0}
}

@ARTICLE{Winn:ba5030,
  author = {Winn, M. D. and Ashton, A. W. and Briggs, P. J. and Ballard, C. C.
	and Patel, P.},
  title = {{Ongoing developments in {\it CCP}4 for high-throughput structure
	determination}},
  journal = {Acta Crystallographica Section D},
  year = {2002},
  volume = {58},
  pages = {1929--1936},
  number = {11},
  month = {Nov},
  doi = {10.1107/S0907444902016116},
  url = {http://dx.doi.org/10.1107/S0907444902016116}
}

@ARTICLE{winter:xiacore,
  author = {Winter, Graeme and Keegan, Ronan},
  title = {Portable Running of Programs for Automation},
  journal = {CCP4 Newsletter},
  year = {2006},
  volume = {44},
  url = {http://www.ccp4.ac.uk/newsletters/newsletter44/content.html}
}

@ARTICLE{Wyckoff1985,
  author = {Wyckoff, H. W.},
  title = {Diffractometry},
  journal = {Methods in Enzymology},
  year = {1985},
  volume = {114},
  pages = {330--386}
}

@ARTICLE{Yeates1997,
  author = {Yeates, T. O.},
  title = {Detecting and Overcoming Crystal Twinning},
  journal = {Methods in Enzymology},
  year = {1997},
  volume = {276},
  pages = {344--358}
}

@ARTICLE{Zhang:hu0216,
  author = {Zhang, K. Y. J. and Main, P.},
  title = {{Histogram matching as a new density modification technique for phase
	refinement and extension of protein molecules}},
  journal = {Acta Crystallographica Section A},
  year = {1990},
  volume = {46},
  pages = {41--46},
  number = {1},
  month = {Jan},
  doi = {10.1107/S0108767389009311},
  url = {http://dx.doi.org/10.1107/S0108767389009311}
}

@ARTICLE{zhang2006adi,
  author = {Zhang, Z. and Sauter, N.K. and van den Bedem, H. and Snell, G. and
	Deacon, A.M.},
  title = {{Automated diffraction image analysis and spot searching for high-throughput
	crystal screening}},
  journal = {J. Appl. Cryst},
  year = {2006},
  volume = {39},
  pages = {112--119}
}

@ARTICLE{zwart:xtriage,
  author = {Zwart, Peter H. and Grosse-Kunstleve, Ralf W. and Adams, Paul D.},
  title = {Characterization of X-ray data sets},
  journal = {CCP4 Newsletter},
  year = {2005},
  volume = {42},
  url = {http://www.ccp4.ac.uk/newsletters/newsletter42/content.html}
}

@BOOK{Hahn,
  title = {International Tables for Crystallography},
  publisher = {Kluwer Academic Publishers},
  year = {2002},
  editor = {Theo Hahn},
  volume = {A},
  address = {Dordrecht, The Netherlands}
}

@BOOK{TablesG,
  title = {International Tables for Crystallography},
  publisher = {Kluwer Academic Publishers},
  year = {2006},
  editor = {Hall, S.R. and McMahon, B},
  volume = {G},
  address = {Dordrecht, The Netherlands}
}

